@book{RN17,
   author = {American Psychiatric Association},
   title = {Diagnostic and statistical manual of mental disorders (DSM-5®)},
   publisher = {American Psychiatric Pub},
   ISBN = {0890425574},
   year = {2013},
   type = {Book}
}
@article{RN14,
   author = {Birmaher, Boris and Brent, David A and Chiappetta, Laurel and Bridge, Jeffrey and Monga, Suneeta and Baugher, Marianne},
   title = {Psychometric properties of the Screen for Child Anxiety Related Emotional Disorders (SCARED): a replication study},
   journal = {Journal of the American Academy of Child and Adolescent Psychiatry},
   volume = {38},
   number = {10},
   pages = {1230-1236},
   ISSN = {0890-8567},
   year = {1999},
   type = {Journal Article}
}

@article{RN5,
   author = {Brazier, John},
   title = {Measuring and valuing mental health for use in economic evaluation},
   journal = {Journal of health services research and policy},
   volume = {13},
   pages = {70-75},
   ISSN = {1355-8196},
   year = {2008},
   type = {Journal Article}
}

@book{RN1899,
   author = {Drummond, M. F. and Sculpher, M. J. and Torrance, G. W. and O'Brien, B. J. and Stoddart, G. L.},
   title = {Methods for the Economic Evaluation of Health Care Programmes},
   publisher = {Oxford University Press},
   address = {Oxford},
   year = {2005},
   type = {Book}
}

@article{RN6,
   author = {Engel, L. and Chen, G. and Richardson, J. and Mihalopoulos, C.},
   title = {The impact of depression on health-related quality of life and wellbeing: identifying important dimensions and assessing their inclusion in multi-attribute utility instruments},
   journal = {Qual Life Res},
   volume = {27},
   number = {11},
   pages = {2873-2884},
   ISSN = {1573-2649 (Electronic)
0962-9343 (Linking)},
   DOI = {10.1007/s11136-018-1936-y},
   url = {https://www.ncbi.nlm.nih.gov/pubmed/30006664},
   year = {2018},
   type = {Journal Article}
}

@article{RN21,
   author = {Gelman, Andrew and Goodrich, Ben and Gabry, Jonah and Vehtari, Aki},
   title = {R-squared for Bayesian Regression Models},
   journal = {The American Statistician},
   volume = {73},
   number = {3},
   pages = {307-309},
   ISSN = {0003-1305},
   DOI = {10.1080/00031305.2018.1549100},
   url = {https://doi.org/10.1080/00031305.2018.1549100},
   year = {2019},
   type = {Journal Article}
}

@book{RN20,
   author = {Hastie, Trevor and Tibshirani, Robert and Friedman, Jerome},
   title = {The elements of statistical learning: data mining, inference, and prediction},
   publisher = {Springer Science and Business Media},
   ISBN = {0387848584},
   year = {2009},
   type = {Book}
}


@article{RN12,
   author = {Kanter, Jonathan W. and Mulick, Patrick S. and Busch, Andrew M. and Berlin, Kristoffer S. and Martell, Christopher R.},
   title = {The Behavioral Activation for Depression Scale (BADS): Psychometric Properties and Factor Structure},
   journal = {Journal of Psychopathology and Behavioral Assessment},
   volume = {29},
   number = {3},
   pages = {191-202},
   ISSN = {0882-26891573-3505},
   DOI = {10.1007/s10862-006-9038-5},
   year = {2006},
   type = {Journal Article}
}
@article{RN16,
   author = {Kessler, R.C and Andrews, G. and Colpe, L.J and Hiripi, E. and Mroczek, D.K and Normand, S. L.T and Walters, E.E and Zaslavsky, A. M},
   title = {Short screening scales to monitor population prevalences and trends in non-specific psychological distress},
   journal = {Psychological Medicine},
   volume = {32},
   number = {6},
   pages = {959-976},
   ISSN = {0033-2917
1469-8978},
   DOI = {10.1017/s0033291702006074},
   year = {2002},
   type = {Journal Article}
}


@article{RN11,
   author = {Kroenke, Kurt and Spitzer, Robert L and Williams, Janet BW},
   title = {The PHQ‐9: validity of a brief depression severity measure},
   journal = {Journal of general internal medicine},
   volume = {16},
   number = {9},
   pages = {606-613},
   ISSN = {0884-8734},
   url = {https://www.ncbi.nlm.nih.gov/pmc/articles/PMC1495268/pdf/jgi_01114.pdf},
   year = {2001},
   type = {Journal Article}
}

@article{RN8,
   author = {McGorry, P. and Trethowan, Jason and Rickwood, Debra},
   title = {Creating headspace for integrated youth mental health care},
   journal = {World Psychiatry},
   volume = {18},
   pages = {140-141},
   year = {2019},
   type = {Journal Article}
}

@article{RN18,
   author = {McGorry, P.D. and Hickie, I.B. and Yung, A.R. and Pantelis, C. and Jackson, H.J.},
   title = {Clinical staging of psychiatric disorders: a heuristic framework for choosing earlier, safer and more effective interventions},
   journal = {Australian and New Zealand Journal of Psychiatry},
   volume = {40},
   pages = {616-622},
   url = {http://onlinelibrary.wiley.com/doi/10.1111/j.1440-1614.2006.01860.x/abstract},
   year = {2006},
   type = {Journal Article}
}
@article{RN4,
   author = {Mihalopoulos, Cathrine and Chen, Gang and Iezzi, Angelo and Khan, Munir A and Richardson, Jeffrey},
   title = {Assessing outcomes for cost-utility analysis in depression: comparison of five multi-attribute utility instruments with two depression-specific outcome measures},
   journal = {The British Journal of Psychiatry},
   volume = {205},
   number = {5},
   pages = {390-397},
   ISSN = {0007-1250},
   year = {2014},
   type = {Journal Article}
}

@article{RN7,
   author = {Mortimer, Duncan and Segal, Leonie},
   title = {Comparing the incomparable? A systematic review of competing techniques for converting descriptive measures of health status into QALY-weights},
   journal = {Medical decision making},
   volume = {28},
   number = {1},
   pages = {66-89},
   ISSN = {0272-989X},
   year = {2008},
   type = {Journal Article}
}

@article{RN15,
   author = {Norman, S. B. and Cissell, S. H. and Means-Christensen, A. J. and Stein, M. B.},
   title = {Development and validation of an Overall Anxiety Severity And Impairment Scale (OASIS)},
   journal = {Depress Anxiety},
   volume = {23},
   number = {4},
   pages = {245-9},
   ISSN = {1091-4269 (Print)
1091-4269 (Linking)},
   DOI = {10.1002/da.20182},
   url = {http://www.ncbi.nlm.nih.gov/pubmed/16688739},
   year = {2006},
   type = {Journal Article}
}

@article{RN10,
   author = {Richardson, Jeffrey RJ and Peacock, Stuart J and Hawthorne, Graeme and Iezzi, Angelo and Elsworth, Gerald and Day, Neil A},
   title = {Construction of the descriptive system for the assessment of quality of life AQoL-6D utility instrument},
   journal = {Health and quality of life outcomes},
   volume = {10},
   number = {1},
   pages = {38},
   ISSN = {1477-7525},
   url = {https://hqlo.biomedcentral.com/track/pdf/10.1186/1477-7525-10-38},
   year = {2012},
   type = {Journal Article}
}

@article{RN9,
   author = {Rickwood, D. and Paraskakis, M. and Quin, D. and Hobbs, N. and Ryall, V. and Trethowan, J. and McGorry, P.},
   title = {Australia's innovation in youth mental health care: The headspace centre model},
   journal = {Early Intervention in Psychiatry},
   volume = {13},
   pages = {159-166},
   year = {2019},
   type = {Journal Article}
}

@article{RN3,
   author = {Singh, Bruce and Hawthorne, Graeme and Vos, Theo},
   title = {The role of economic evaluation in mental health care},
   journal = {Australian and New Zealand Journal of Psychiatry},
   volume = {35},
   number = {1},
   pages = {104-117},
   ISSN = {0004-8674},
   year = {2001},
   type = {Journal Article}
}

@article{RN2,
   author = {Sonntag, Michael and Koenig, Hans-Helmut and Konnopka, Alexander},
   title = {The estimation of utility weights in cost-utility analysis for mental disorders: a systematic review},
   journal = {Pharmacoeconomics},
   volume = {31},
   number = {12},
   pages = {1131-1154},
   ISSN = {1170-7690},
   year = {2013},
   type = {Journal Article}
}

@article{RN13,
   author = {Spitzer, R.L. and Kroenke, K. and Williams, J.B. and Lowe, B.},
   title = {A brief measure for assessing generalised anxiety disorder: the GAD-7. },
   journal = {Archives of Internal Medicine},
   volume = {166},
   pages = {1092-1097},
   year = {2006},
   type = {Journal Article}
}

@article{RN19,
   Author = {Kohavi, Ron},
   Title = {A study of cross-validation and bootstrap for accuracy estimation and model selection},
   Year = {1995},
   journal = {International Joint Conference on Artificial Intelligence},
   publisher = {Montreal, Canada},
   volume = {14},
   pages = {1137-1145},
   Type = {Conference Proceedings}
}